<mx:record xmlns="http://www.w3.org/TR/xhtml1/strict" xmlns:mx="http://www.loc.gov/MARC21/slim" xmlns:xsi="http://www.w3.org/2001/XMLSchema-instance"><mx:leader>00000nz   2200000n  4500</mx:leader><mx:controlfield tag="001">oca02701972 </mx:controlfield><mx:controlfield tag="005">19900313054522.1</mx:controlfield><mx:controlfield tag="008">900309n| acannaab|          |a aaa     c</mx:controlfield><mx:datafield ind1=" " ind2=" " tag="010"><mx:subfield code="a">nr 90003636 </mx:subfield></mx:datafield><mx:datafield ind1=" " ind2=" " tag="040"><mx:subfield code="a">NjP</mx:subfield><mx:subfield code="c">NjP</mx:subfield></mx:datafield><mx:datafield ind1="0" ind2=" " tag="100"><mx:subfield code="a">Praxiteles,</mx:subfield><mx:subfield code="d">4th cent. B.C.</mx:subfield></mx:datafield><mx:datafield ind1="0" ind2=" " tag="400"><mx:subfield code="a">Praxitèle,</mx:subfield><mx:subfield code="d">4th cent. B.C.</mx:subfield></mx:datafield><mx:datafield ind1="0" ind2=" " tag="400"><mx:subfield code="a">Prassitele,</mx:subfield><mx:subfield code="d">4th cent. B.C.</mx:subfield></mx:datafield><mx:datafield ind1=" " ind2=" " tag="670"><mx:subfield code="a">Corso, A. Prassitele, fonti epigrafiche ... 1988.</mx:subfield></mx:datafield><mx:datafield ind1=" " ind2=" " tag="670"><mx:subfield code="a">LC in RLIN, 3-6-90</mx:subfield><mx:subfield code="b">(hdg.: Praxiteles, 4th cent. B.C.; usage: Praxitèle)</mx:subfield></mx:datafield><mx:datafield ind1=" " ind2=" " tag="670"><mx:subfield code="a">Enc. Brit., 15th ed.</mx:subfield><mx:subfield code="b">(Praxiteles; fl. 370-330 B.C.; sculptor)</mx:subfield></mx:datafield><mx:datafield ind1=" " ind2=" " tag="999"><mx:subfield code="a">2857.8425</mx:subfield></mx:datafield></mx:record>